\bibliographystyle{unsrt}
@article{githubRia,
  title={Getting Real with Fake News},
  author={Ria, Gandhi},
  journal={Github Repository},
  year={May 2020},
  publisher={Github repository},
  note = {Available at \url{https://github.com/riag123/FakeNewsDeepLearning}}
}

@article{githubFer,
  title={Text Classification CNN PyTorch},
  author={Fernando, Lopez},
  journal={Github Repository},
  year={September 2020},
  publisher={Github repository},
  note = {Available at \url{https://github.com/FernandoLpz/Text-Classification-CNN-PyTorch?fbclid=IwAR1NtPhuCP0--mp0R5NhknT9V4tMX7mD7Bazmzm4JdtE8bwGNSf8AGzWjZ4}}
}

@article{Ria,
  title={Getting Real with Fake News},
  author={Ria, Gandhi},
  journal={Towards Data Science},
  year={May 2020},
  publisher={Towards Data Science},
  note = {Available at \url{https://www.towardsdatascience.com/getting-real-with-fake-news-d4bc033eb38a}}
}

@article{Fernando,
  title={Text Classification with CNNs in PyTorch},
  author={Fernando, Lopez},
  journal={Towards Data Science},
  year={September 2020},
  publisher={Towards Data Science},
  note = {Available at \url{https://towardsdatascience.com/text-classification-with-cnns-in-pytorch-1113df31e79f}}
}